@article{boone2010,
  title = {A critical reappraisal of “preconsolidation pressure” interpretations using the oedometer test},
  volume = {47},
  issn = {0008-3674, 1208-6010},
  doi = {10.1139/T09-093},
  abstract = {Over the past 70 years, a number of methods have been proposed for the interpretation of the characteristic vertical effective yield stress, or “preconsolidation pressure,” of compressible soils as defined using the standard oedometer test. The concept of the “preconsolidation pressure” has been extraordinarily useful in geotechnical engineering for analysing and predicting settlement behaviour and for normalizing other engineering parameters for comparative purposes. Defining this characteristic stress, however, is often problematic and relies heavily on graphical techniques that are subject to some uncertainty, particularly when using semi-log plots for this purpose. This paper illustrates fundamental difficulties with the interpretation of oedometer test and presents an alternative technique for defining unambiguous values of the vertical effective yield stress.},
  language = {en},
  number = {3},
  journal = {Canadian Geotechnical Journal},
  author = {Boone, Storer J.},
  month = mar,
  year = {2010},
  pages = {281--296},
}

@article{wang2004,
  author = {Wang, L. and Frost, J.},
  year = {2011},
  month = {01},
  pages = {760-768},
  title = {Dissipated strain energy method for determining preconsolidation pressure},
  volume = {41},
  journal = {Canadian Geotechnical Journal},
  doi = {10.1139/t04-013}
}

@book{grunt2005,
  author = {Трофимов, В. Т. and Королёв, В. А. and Вознесенский, Е. А. and Голодковская, Г. А. and Васильчук, Ю. К. and Зиангиров, Р. С.},
  title = {Грунтоведение // Под ред. В.Т.Трофимова - 6-е изд., перераб. и дополн. (серия {\dq}Классический университетский учебник{\dq})},
  year = {2005},
  isbn = {5-211-04848-2},
  numpages = {1024},
  publisher = {М., Изд-во МГУ и {\dq}Наука{\dq}},
  language = {russian}
}

@article{becker1988,
  title = {Work as a criterion for determining \textit{in situ} and yield stresses in clays: {Discussion}},
  volume = {25},
  issn = {0008-3674, 1208-6010},
  shorttitle = {Work as a criterion for determining \textit{in situ} and yield stresses in clays},
  doi = {10.1139/t88-096},
  language = {en},
  number = {4},
  journal = {Canadian Geotechnical Journal},
  author = {Becker, D.E.},
  month = nov,
  year = {1987},
  pages = {845--847}
}

@book{cazagrande1936,
  author = {Cazagrande, A.},
  title = {The determination of the pre-consolidation load and its practical signficance},
  year = {1936},
  numpages = {60-64},
  publisher = {Harvard University},
  language = {en}
}

@book{cytovich1983,
  author = {Цытович, Н.А.},
  title = {Механика грунтов. Краткий курс},
  year = {1983},
  numpages = {35-40},
  publisher = {Изд-во лит-ры по строительству, архитектуре и строительным материалам},
  language = {russian}
}

@book{aleksandrov2018,
  author = {Александров, С.А.},
  title = {Коэффициент переуплотнения OCR для грунтов Урала},
  year = {2018},
  numpages = {96-97},
  publisher = {UGSU},
  language = {russian}
}
@book{Sh_2006,
	address = {Москва},
	edition = {ГЕОС},
	title = {Рентгеновский анализ минерального состава дисперсных грунтов},
	isbn = {5-89118-368-8},
	language = {русский},
	author = {Шлыков, В.Г.},
	year = {2006}
}